
@article{openhab,
  author   = {Rinehart, George S.},
  title    = {Differential forms on general commutative algebras},
  journal  = {Trans. Amer. Math. Soc.},
  fjournal = {Transactions of the American Mathematical Society},
  volume   = {108},
  year     = {1963},
  pages    = {195--222},
}